
@misc{kiselyov,
    title        = {Incremental multi-level input processing and collection enumeration},
    author       = {Oleg Kiselyov},
    howpublished = {\url{http://okmij.org/ftp/Streams.html}},
    year         = 2010
}

@misc{beads,
    title        = {Beads},
    author       = {Ollie Bown},
    howpublished = {\url{http://www.beadsproject.net/}}
}

@misc{minim,
    title        = {Minim},
    howpublished = {\url{http://code.compartmental.net/tools/minim/}}
}

@misc{jtransforms,
    title        = {{JTransforms}},
    author       = {Piotr Wendykier},
    howpublished = {\url{https://sites.google.com/site/piotrwendykier/software/jtransforms}}
}
